<record xmlns="http://www.loc.gov/MARC21/slim">
  <leader>02487ntm a2200361 i 4500</leader>
  <controlfield tag="001">004660132</controlfield>
  <controlfield tag="005">20120228113902.0</controlfield>
  <controlfield tag="008">030603q15401560xx p f 000 0 chusd</controlfield>
  <datafield tag="040" ind1=" " ind2=" ">
    <subfield code="a">RuMoRGB</subfield>
    <subfield code="b">rus</subfield>
  </datafield>
  <datafield tag="041" ind1="0" ind2=" ">
    <subfield code="a">chu</subfield>
  </datafield>
  <datafield tag="100" ind1="0" ind2=" ">
    <subfield code="a">Нил Сорский</subfield>
    <subfield code="c">преподобный</subfield>
    <subfield code="d">ок. 1433-1508</subfield>
  </datafield>
  <datafield tag="245" ind1="0" ind2="0">
    <subfield code="a">Книга Нила Сорского, Петра Дамаскина, Симеона Богослова и других :</subfield>
    <subfield code="h">рукопись</subfield>
    <subfield code="b">с прибавлениями</subfield>
    <subfield code="c">Нил Сорский, Петр Дамаскин,Симеон Богослов</subfield>
  </datafield>
  <datafield tag="246" ind1="1" ind2="8">
    <subfield code="a">Соборник</subfield>
  </datafield>
  <datafield tag="260" ind1=" " ind2=" ">
    <subfield code="a">[Б.м.]</subfield>
    <subfield code="c">середина XVI в.</subfield>
  </datafield>
  <datafield tag="300" ind1=" " ind2=" ">
    <subfield code="a">632[из них 11 листов чистые], [III] л.</subfield>
    <subfield code="c">1° (30,5 х 19,2) см</subfield>
  </datafield>
  <datafield tag="500" ind1=" " ind2=" ">
    <subfield code="a">Экслибрис Главной библиотеки Свято-Троицкой Сергиевой Лавры на внешней и внутренней стороне
      верхней крышки переплета
    </subfield>
  </datafield>
  <datafield tag="500" ind1=" " ind2=" ">
    <subfield code="a">Художественное оформление: вязь, киноварь</subfield>
  </datafield>
  <datafield tag="500" ind1=" " ind2=" ">
    <subfield code="a">Надписи, записи, пометы: владельческие</subfield>
  </datafield>
  <datafield tag="500" ind1=" " ind2=" ">
    <subfield code="a">Сохранность: полная</subfield>
  </datafield>
  <datafield tag="500" ind1=" " ind2=" ">
    <subfield code="a">Старые шифры: "111", " По описи 1795-го года №2", "По описи 1767 года №13"</subfield>
  </datafield>
  <datafield tag="510" ind1="4" ind2=" ">
    <subfield code="a">Описание славянских рукописей библиотеки Свято-Троицкой Сергиевой Лавры</subfield>
    <subfield code="b">Москва, 1878 г.</subfield>
    <subfield code="c">c. 184-186</subfield>
  </datafield>
  <datafield tag="533" ind1=" " ind2=" ">
    <subfield code="a">Имеется электронная копия</subfield>
  </datafield>
  <datafield tag="546" ind1=" " ind2=" ">
    <subfield code="a">Церковнославянский яз.</subfield>
    <subfield code="b">скоропись разных почерков</subfield>
  </datafield>
  <datafield tag="561" ind1=" " ind2=" ">
    <subfield code="a">Запись 1855 г. о принадлежности книги «Троицкой Сергиевой лаврской библиотеке»</subfield>
  </datafield>
  <datafield tag="563" ind1=" " ind2=" ">
    <subfield code="a">Первоначальный; деревянные крышки, обтянутые кожей с тиснением; кожа потерта; 2 медных застежки ;
      переплет в нижней части порван
    </subfield>
  </datafield>
  <datafield tag="700" ind1="0" ind2=" ">
    <subfield code="a">Симеон</subfield>
    <subfield code="c">Новый Богослов</subfield>
    <subfield code="d">949-1022</subfield>
  </datafield>
  <datafield tag="700" ind1="0" ind2=" ">
    <subfield code="a">Петр Дамаскин</subfield>
    <subfield code="c">преподобный</subfield>
    <subfield code="d">VIII или XII в.</subfield>
  </datafield>
  <datafield tag="852" ind1=" " ind2=" ">
    <subfield code="a">РГБ</subfield>
    <subfield code="b">OR</subfield>
    <subfield code="j">Ф.304.1 №189</subfield>
    <subfield code="x">81</subfield>
  </datafield>
  <datafield tag="856" ind1="4" ind2="1">
    <subfield code="q">application/pdf</subfield>
    <subfield code="u">http://dlib.rsl.ru/rsl01004000000/rsl01004660000/rsl01004660132/rsl01004660132.pdf</subfield>
  </datafield>
  <datafield tag="979" ind1=" " ind2=" ">
    <subfield code="a">dlruk</subfield>
  </datafield>
  <datafield tag="979" ind1=" " ind2=" ">
    <subfield code="a">dlopen</subfield>
  </datafield>
  <datafield tag="979" ind1=" " ind2=" ">
    <subfield code="a">niorkn</subfield>
  </datafield>
  <datafield tag="979" ind1=" " ind2=" ">
    <subfield code="a">nior304</subfield>
  </datafield>
</record>
